<record><leader>00000cas a22000007a 4500</leader><controlfield tag="001">27927126</controlfield><controlfield tag="008">930415d188u19uucauwr ne      0    0eng d</controlfield><datafield ind1=" " ind2=" " tag="010"><subfield code="a">sn 93053123 </subfield></datafield><datafield ind1=" " ind2=" " tag="040"><subfield code="a">CUY</subfield><subfield code="b">eng</subfield><subfield code="c">CNK</subfield><subfield code="d">OCLCQ</subfield></datafield><datafield ind1=" " ind2=" " tag="042"><subfield code="a">msc</subfield></datafield><datafield ind1="0" ind2="0" tag="245"><subfield code="a">Porterville enterprise.</subfield></datafield><datafield ind1=" " ind2=" " tag="260"><subfield code="a">Porterville, Tulare County, Cal. :</subfield><subfield code="b">M.J. O'Clancy</subfield></datafield><datafield ind1=" " ind2=" " tag="300"><subfield code="a">v.</subfield></datafield><datafield ind1=" " ind2=" " tag="310"><subfield code="a">Weekly</subfield></datafield><datafield ind1=" " ind2=" " tag="588"><subfield code="a">Description based on: Vol. 2, no. 1 (Apr. 20, 1889).</subfield></datafield><datafield ind1=" " ind2="4" tag="651"><subfield code="a">Tulare County (Calif.)</subfield><subfield code="v">Newspapers.</subfield></datafield><datafield ind1=" " ind2=" " tag="752"><subfield code="a">United States</subfield><subfield code="b">California</subfield><subfield code="c">Tulare</subfield><subfield code="d">Porterville.</subfield></datafield><datafield ind1="1" ind2=" " tag="029"><subfield code="a">AU@</subfield><subfield code="b">000020735589</subfield></datafield></record>